<?xml version="1.0" encoding="UTF-8"?><collection xmlns="http://www.loc.gov/MARC21/slim"><record><leader>00409nam--2200133-i-4500</leader><controlfield tag="001">000016201</controlfield><controlfield tag="002">20161230</controlfield><controlfield tag="005">20161230201031</controlfield><controlfield tag="008">060222s1000------------r-----000-0-eng-d</controlfield><datafield ind1=" " ind2=" " tag="080"><subfield code="a">548.7:535.35(043)</subfield></datafield><datafield ind1=" " ind2=" " tag="100"><subfield code="a">Bois, Daniel</subfield></datafield><datafield ind1=" " ind2=" " tag="245"><subfield code="a">Influence des defauts et des phonons sur l`abs orption optique de l`arseniure de gallium.thes e</subfield></datafield><datafield ind1=" " ind2=" " tag="260"><subfield code="a">Lyon, L`Universite Claude Bernard, 1972. 111 P</subfield></datafield><datafield ind1=" " ind2=" " tag="852"><subfield code="a">77126</subfield></datafield></record></collection>